{"btc_usd":[{"type":"ask","price":34750.21002,"amount":0.00031455,"tid":205070792,"timestamp":1627222923},{"type":"ask","price":34956,"amount":0.00027855,"tid":205070791,"timestamp":1627222898},{"type":"ask","price":34750.00001,"amount":0.00150644,"tid":205070790,"timestamp":1627222801},{"type":"ask","price":34750.1,"amount":0.00340194,"tid":205070789,"timestamp":1627222800},{"type":"ask","price":34730.00007,"amount":0.00004588,"tid":205070788,"timestamp":1627222686},{"type":"ask","price":34730.00008,"amount":0.01779929,"tid":205070787,"timestamp":1627222686},{"type":"ask","price":34730.00007,"amount":0.00963722,"tid":205070786,"timestamp":1627222655},{"type":"bid","price":34747.44399999,"amount":0.00613789,"tid":205070785,"timestamp":1627222622},{"type":"bid","price":34852.12865147,"amount":0.00055351,"tid":205070784,"timestamp":1627222582},{"type":"bid","price":34851.13199999,"amount":0.00134332,"tid":205070783,"timestamp":1627222560},{"type":"bid","price":34851.13199999,"amount":0.00084222,"tid":205070782,"timestamp":1627222560},{"type":"ask","price":34728.00001,"amount":0.00325289,"tid":205070781,"timestamp":1627222542},{"type":"ask","price":34728,"amount":0.01236362,"tid":205070780,"timestamp":1627222533},{"type":"bid","price":34852.12865147,"amount":0.00010022,"tid":205070779,"timestamp":1627222522},{"type":"ask","price":34727.99002,"amount":0.0101723,"tid":205070778,"timestamp":1627222522},{"type":"ask","price":34728,"amount":0.0031878,"tid":205070777,"timestamp":1627222522},{"type":"ask","price":34957,"amount":0.003,"tid":205070776,"timestamp":1627222512},{"type":"ask","price":34727.99001,"amount":0.00150283,"tid":205070775,"timestamp":1627222496},{"type":"ask","price":34850,"amount":0.00056613,"tid":205070774,"timestamp":1627222496},{"type":"ask","price":34850,"amount":0.00044174,"tid":205070773,"timestamp":1627222496},{"type":"ask","price":34850.44865403,"amount":0.00010022,"tid":205070772,"timestamp":1627222496},{"type":"ask","price":34900,"amount":0.00070223,"tid":205070771,"timestamp":1627222496},{"type":"ask","price":34950,"amount":0.00056577,"tid":205070770,"timestamp":1627222496},{"type":"ask","price":34954.13758723,"amount":0.00602108,"tid":205070769,"timestamp":1627222496},{"type":"ask","price":34956.15,"amount":0.0001,"tid":205070768,"timestamp":1627222496},{"type":"bid","price":35072.29001,"amount":0.06843009,"tid":205070767,"timestamp":1627222258},{"type":"ask","price":34955,"amount":0.00043912,"tid":205070766,"timestamp":1627221597},{"type":"ask","price":34955,"amount":0.0004,"tid":205070765,"timestamp":1627221169},{"type":"ask","price":34955,"amount":0.00265297,"tid":205070764,"timestamp":1627221027},{"type":"bid","price":35072.29001,"amount":0.00339334,"tid":205070763,"timestamp":1627220779},{"type":"bid","price":35000,"amount":0.00026976,"tid":205070762,"timestamp":1627220779},{"type":"ask","price":34954.13758723,"amount":0.00397892,"tid":205070761,"timestamp":1627220677},{"type":"ask","price":35000,"amount":0.00003024,"tid":205070760,"timestamp":1627220646},{"type":"ask","price":35000,"amount":0.0000759,"tid":205070759,"timestamp":1627220643},{"type":"ask","price":35000.31003,"amount":0.00010044,"tid":205070758,"timestamp":1627220643},{"type":"ask","price":35000.99009901,"amount":0.00012366,"tid":205070757,"timestamp":1627220643},{"type":"ask","price":35058.5194678,"amount":0.001,"tid":205070756,"timestamp":1627220430},{"type":"ask","price":35059,"amount":0.00838454,"tid":205070755,"timestamp":1627220088},{"type":"bid","price":35072.29001,"amount":0.0001283,"tid":205070754,"timestamp":1627219969},{"type":"ask","price":35059,"amount":0.00064338,"tid":205070753,"timestamp":1627219946},{"type":"ask","price":35059,"amount":0.00097208,"tid":205070752,"timestamp":1627219542},{"type":"ask","price":35059,"amount":0.00012573,"tid":205070751,"timestamp":1627219542},{"type":"bid","price":35072.29001,"amount":0.0019,"tid":205070750,"timestamp":1627219199},{"type":"bid","price":35072.29001,"amount":0.00014582,"tid":205070749,"timestamp":1627218930},{"type":"bid","price":35072.29001,"amount":0.00099843,"tid":205070748,"timestamp":1627218784},{"type":"bid","price":35072.29001,"amount":0.0010291,"tid":205070747,"timestamp":1627218778},{"type":"bid","price":35072.29001,"amount":0.00541318,"tid":205070746,"timestamp":1627218453},{"type":"bid","price":35072.29001,"amount":0.00056911,"tid":205070745,"timestamp":1627218416},{"type":"bid","price":35072.29001,"amount":0.00100102,"tid":205070744,"timestamp":1627218410},{"type":"bid","price":35072.29001,"amount":0.0002,"tid":205070743,"timestamp":1627218333},{"type":"bid","price":35072.29001,"amount":0.00100084,"tid":205070742,"timestamp":1627218260},{"type":"bid","price":35072.29001,"amount":0.00100094,"tid":205070741,"timestamp":1627218245},{"type":"bid","price":35072.29001,"amount":0.00065451,"tid":205070740,"timestamp":1627218213},{"type":"bid","price":35072.29001,"amount":0.0004,"tid":205070739,"timestamp":1627218106},{"type":"bid","price":35072.29001,"amount":0.00813608,"tid":205070738,"timestamp":1627217963},{"type":"ask","price":35072.29001,"amount":0.00025594,"tid":205070737,"timestamp":1627217962},{"type":"ask","price":35072.29001,"amount":0.00021636,"tid":205070736,"timestamp":1627217962},{"type":"bid","price":35176.83130096,"amount":0.00054268,"tid":205070735,"timestamp":1627217709},{"type":"bid","price":35176.83130096,"amount":0.00016028,"tid":205070734,"timestamp":1627217705},{"type":"bid","price":35176.83130096,"amount":0.00054268,"tid":205070733,"timestamp":1627217703},{"type":"bid","price":35176.83130096,"amount":0.00305155,"tid":205070732,"timestamp":1627217686},{"type":"ask","price":35073,"amount":0.000168,"tid":205070731,"timestamp":1627217618},{"type":"bid","price":35074.99964925,"amount":0.00214486,"tid":205070730,"timestamp":1627217523},{"type":"ask","price":35075,"amount":0.00085514,"tid":205070729,"timestamp":1627217471},{"type":"ask","price":35075,"amount":0.00014072,"tid":205070728,"timestamp":1627217373},{"type":"bid","price":35176.83130096,"amount":0.00018853,"tid":205070727,"timestamp":1627217177},{"type":"bid","price":35176.83130096,"amount":0.0004,"tid":205070726,"timestamp":1627217061},{"type":"bid","price":35176.83130096,"amount":0.00055,"tid":205070725,"timestamp":1627217058},{"type":"bid","price":35176.83130096,"amount":0.0001041,"tid":205070724,"timestamp":1627217016},{"type":"bid","price":35176.83130096,"amount":0.0001,"tid":205070723,"timestamp":1627216966},{"type":"ask","price":35072.29001,"amount":0.00010057,"tid":205070722,"timestamp":1627216843},{"type":"bid","price":35176.83130096,"amount":0.00045389,"tid":205070721,"timestamp":1627216819},{"type":"bid","price":35176.83130096,"amount":0.00031885,"tid":205070720,"timestamp":1627216781},{"type":"bid","price":35176.83130096,"amount":0.00025764,"tid":205070719,"timestamp":1627216625},{"type":"bid","price":35176.83130096,"amount":0.00010008,"tid":205070718,"timestamp":1627216587},{"type":"bid","price":35176.83130096,"amount":0.0001002,"tid":205070717,"timestamp":1627216526},{"type":"bid","price":35176.83130096,"amount":0.00011348,"tid":205070716,"timestamp":1627216506},{"type":"bid","price":35176.83130096,"amount":0.00374619,"tid":205070715,"timestamp":1627216423},{"type":"bid","price":35164.83130096,"amount":0.00008071,"tid":205070714,"timestamp":1627216423},{"type":"ask","price":35164.83130096,"amount":0.00015239,"tid":205070713,"timestamp":1627216164},{"type":"bid","price":35176.83130096,"amount":0.0028371,"tid":205070712,"timestamp":1627216106},{"type":"bid","price":35176.83130096,"amount":0.00118973,"tid":205070711,"timestamp":1627215838},{"type":"bid","price":35176.83130096,"amount":0.00010007,"tid":205070710,"timestamp":1627215634},{"type":"bid","price":35176.83130096,"amount":0.00011348,"tid":205070709,"timestamp":1627215614},{"type":"bid","price":35176.83130096,"amount":0.00010007,"tid":205070708,"timestamp":1627215614},{"type":"bid","price":35176.83130096,"amount":0.00010007,"tid":205070707,"timestamp":1627215610},{"type":"bid","price":35176.83130096,"amount":0.00010007,"tid":205070706,"timestamp":1627215601},{"type":"bid","price":35176.83130096,"amount":0.00010007,"tid":205070705,"timestamp":1627215597},{"type":"bid","price":35176.83130096,"amount":0.00010007,"tid":205070704,"timestamp":1627215589},{"type":"ask","price":35176.97054989,"amount":0.00006458,"tid":205070703,"timestamp":1627215569},{"type":"bid","price":35176.9705499,"amount":0.00146308,"tid":205070702,"timestamp":1627215458},{"type":"ask","price":35176.9705499,"amount":0.00285973,"tid":205070701,"timestamp":1627215453},{"type":"bid","price":35199.83130096,"amount":0.00727156,"tid":205070700,"timestamp":1627214897},{"type":"bid","price":35199.83130096,"amount":0.00041744,"tid":205070699,"timestamp":1627214895},{"type":"bid","price":35199.83130096,"amount":0.00289904,"tid":205070698,"timestamp":1627214888},{"type":"bid","price":35199.83130096,"amount":0.00152705,"tid":205070697,"timestamp":1627214864},{"type":"bid","price":35199.83130096,"amount":0.00082162,"tid":205070696,"timestamp":1627214851},{"type":"bid","price":35199.83130096,"amount":0.00311806,"tid":205070695,"timestamp":1627214829},{"type":"bid","price":35199.83130096,"amount":0.00100774,"tid":205070694,"timestamp":1627214828},{"type":"bid","price":35199.83130096,"amount":0.00127282,"tid":205070693,"timestamp":1627214825},{"type":"bid","price":35199.83130096,"amount":0.0017686,"tid":205070692,"timestamp":1627214814},{"type":"bid","price":35199.83130096,"amount":0.00100777,"tid":205070691,"timestamp":1627214802},{"type":"bid","price":35199.83130096,"amount":0.00156648,"tid":205070690,"timestamp":1627214795},{"type":"bid","price":35199.83130096,"amount":0.00033256,"tid":205070689,"timestamp":1627214789},{"type":"bid","price":35199.83130096,"amount":0.00011114,"tid":205070688,"timestamp":1627214788},{"type":"bid","price":35199.83130096,"amount":0.00014176,"tid":205070687,"timestamp":1627214781},{"type":"bid","price":35199.83130096,"amount":0.0004031,"tid":205070686,"timestamp":1627214779},{"type":"ask","price":35176.97054989,"amount":0.0018,"tid":205070685,"timestamp":1627214778},{"type":"bid","price":35200,"amount":0.00047166,"tid":205070684,"timestamp":1627214776},{"type":"bid","price":35200,"amount":0.000908,"tid":205070683,"timestamp":1627214775},{"type":"bid","price":35200,"amount":0.00084493,"tid":205070682,"timestamp":1627214770},{"type":"bid","price":35200,"amount":0.00031403,"tid":205070681,"timestamp":1627214759},{"type":"bid","price":35199.99999,"amount":0.00283145,"tid":205070680,"timestamp":1627214759},{"type":"bid","price":35199.99999,"amount":0.00218533,"tid":205070679,"timestamp":1627214756},{"type":"bid","price":35199.99999,"amount":0.00129178,"tid":205070678,"timestamp":1627214752},{"type":"bid","price":35199.99999,"amount":0.00245232,"tid":205070677,"timestamp":1627214744},{"type":"bid","price":35199.99999,"amount":0.00059103,"tid":205070676,"timestamp":1627214742},{"type":"bid","price":35199.99999,"amount":0.01657046,"tid":205070675,"timestamp":1627214739},{"type":"bid","price":35164.83130096,"amount":0.00004563,"tid":205070674,"timestamp":1627214738},{"type":"bid","price":35164.83130096,"amount":0.00026521,"tid":205070673,"timestamp":1627214729},{"type":"bid","price":35164.83130096,"amount":0.00039782,"tid":205070672,"timestamp":1627214720},{"type":"bid","price":35164.83130096,"amount":0.00116204,"tid":205070671,"timestamp":1627214719},{"type":"bid","price":35200,"amount":0.00002715,"tid":205070670,"timestamp":1627214577},{"type":"bid","price":35099.99964901,"amount":0.00028,"tid":205070669,"timestamp":1627214577},{"type":"ask","price":35100.00000001,"amount":0.01501464,"tid":205070668,"timestamp":1627214570},{"type":"bid","price":35100,"amount":0.01494637,"tid":205070667,"timestamp":1627214393},{"type":"ask","price":35100,"amount":0.00078499,"tid":205070666,"timestamp":1627214392},{"type":"ask","price":35100,"amount":0.01421352,"tid":205070665,"timestamp":1627214364},{"type":"ask","price":35180.07529737,"amount":0.00073286,"tid":205070664,"timestamp":1627214364},{"type":"ask","price":35180.07529737,"amount":0.00015274,"tid":205070663,"timestamp":1627213273},{"type":"ask","price":35180.07529737,"amount":0.0005,"tid":205070662,"timestamp":1627213174},{"type":"ask","price":35180.07529737,"amount":0.0004781,"tid":205070661,"timestamp":1627213154},{"type":"bid","price":35266.5421055,"amount":0.00686202,"tid":205070660,"timestamp":1627212988},{"type":"bid","price":35221,"amount":0.00153985,"tid":205070659,"timestamp":1627212949},{"type":"bid","price":35221,"amount":0.00246015,"tid":205070658,"timestamp":1627212926},{"type":"ask","price":35100,"amount":0.003,"tid":205070657,"timestamp":1627212572},{"type":"ask","price":35100,"amount":0.002,"tid":205070656,"timestamp":1627212421},{"type":"ask","price":35100,"amount":0.000152,"tid":205070655,"timestamp":1627212374},{"type":"ask","price":35100,"amount":0.00024568,"tid":205070654,"timestamp":1627212181},{"type":"ask","price":35072.51,"amount":0.002,"tid":205070653,"timestamp":1627212079},{"type":"bid","price":35099,"amount":0.00015098,"tid":205070652,"timestamp":1627212047},{"type":"bid","price":35100,"amount":0.01447875,"tid":205070651,"timestamp":1627212034},{"type":"bid","price":35100,"amount":0.001,"tid":205070650,"timestamp":1627212034},{"type":"bid","price":35220,"amount":0.00380004,"tid":205070649,"timestamp":1627212015},{"type":"bid","price":35220,"amount":0.00207087,"tid":205070648,"timestamp":1627212012},{"type":"bid","price":35100,"amount":0.00268987,"tid":205070647,"timestamp":1627212012},{"type":"bid","price":35100,"amount":0.01495913,"tid":205070646,"timestamp":1627212012},{"type":"ask","price":35100,"amount":0.00010028,"tid":205070645,"timestamp":1627212011},{"type":"ask","price":35100.34,"amount":0.00145333,"tid":205070644,"timestamp":1627211895},{"type":"bid","price":35282,"amount":0.00708391,"tid":205070643,"timestamp":1627211867}]}