{"btc_usd":[{"type":"ask","price":34835,"amount":0.00032524,"tid":205070054,"timestamp":1627142596},{"type":"ask","price":34834.00001,"amount":0.00045201,"tid":205070053,"timestamp":1627142595},{"type":"ask","price":34830,"amount":0.0020997,"tid":205070052,"timestamp":1627142544},{"type":"bid","price":35000,"amount":0.00033712,"tid":205070051,"timestamp":1627142455},{"type":"bid","price":34950,"amount":0.00049203,"tid":205070050,"timestamp":1627142455},{"type":"bid","price":34950,"amount":0.00087062,"tid":205070049,"timestamp":1627142453},{"type":"bid","price":34950,"amount":0.00033807,"tid":205070048,"timestamp":1627142359},{"type":"bid","price":34950,"amount":0.00029928,"tid":205070047,"timestamp":1627142359},{"type":"ask","price":34867,"amount":0.00126647,"tid":205070046,"timestamp":1627142254},{"type":"bid","price":35000,"amount":0.00019551,"tid":205070045,"timestamp":1627142003},{"type":"bid","price":35000,"amount":0.0001,"tid":205070044,"timestamp":1627141990},{"type":"ask","price":34852.07001,"amount":0.00116914,"tid":205070043,"timestamp":1627141919},{"type":"ask","price":34825.01,"amount":0.0027835,"tid":205070042,"timestamp":1627141523},{"type":"ask","price":34826,"amount":0.0001008,"tid":205070041,"timestamp":1627141502},{"type":"ask","price":34822.04,"amount":0.00015,"tid":205070040,"timestamp":1627141383},{"type":"ask","price":34822.04001,"amount":0.0136676,"tid":205070039,"timestamp":1627141372},{"type":"ask","price":34863.00000001,"amount":0.00036358,"tid":205070038,"timestamp":1627141372},{"type":"bid","price":35000,"amount":0.00237382,"tid":205070037,"timestamp":1627141265},{"type":"bid","price":34999,"amount":0.00114435,"tid":205070036,"timestamp":1627141265},{"type":"bid","price":34999,"amount":0.00094016,"tid":205070035,"timestamp":1627141265},{"type":"bid","price":34870.99965129,"amount":0.00019,"tid":205070033,"timestamp":1627141179},{"type":"ask","price":34871,"amount":0.00455238,"tid":205070032,"timestamp":1627141176},{"type":"bid","price":34999,"amount":0.00105343,"tid":205070031,"timestamp":1627139940},{"type":"ask","price":34876.00001,"amount":0.00177549,"tid":205070030,"timestamp":1627139906},{"type":"bid","price":34999,"amount":0.00286006,"tid":205070029,"timestamp":1627139902},{"type":"ask","price":34877,"amount":0.00018314,"tid":205070028,"timestamp":1627139902},{"type":"bid","price":34999,"amount":0.00014635,"tid":205070027,"timestamp":1627139260},{"type":"ask","price":34947.23376805,"amount":0.00005682,"tid":205070026,"timestamp":1627139069},{"type":"bid","price":35000,"amount":0.00025102,"tid":205070025,"timestamp":1627139042},{"type":"ask","price":34999.99999999,"amount":0.00009019,"tid":205070024,"timestamp":1627139005},{"type":"bid","price":34999.99999999,"amount":0.00010061,"tid":205070023,"timestamp":1627138936},{"type":"ask","price":34948,"amount":0.0001,"tid":205070022,"timestamp":1627138452},{"type":"ask","price":34947.23376805,"amount":0.0004,"tid":205070021,"timestamp":1627138434},{"type":"bid","price":34999,"amount":0.00154,"tid":205070020,"timestamp":1627137616},{"type":"ask","price":34800.00001,"amount":0.008,"tid":205070019,"timestamp":1627137488},{"type":"bid","price":34999,"amount":0.00046736,"tid":205070018,"timestamp":1627137417},{"type":"bid","price":34999,"amount":0.00070561,"tid":205070017,"timestamp":1627137279},{"type":"bid","price":35000,"amount":0.00010824,"tid":205070016,"timestamp":1627137271},{"type":"bid","price":35000,"amount":0.00276448,"tid":205070015,"timestamp":1627136926},{"type":"bid","price":34984.2312754,"amount":0.00006126,"tid":205070014,"timestamp":1627136926},{"type":"ask","price":34984.2312754,"amount":0.0000487,"tid":205070013,"timestamp":1627136706},{"type":"ask","price":34985,"amount":0.0006,"tid":205070012,"timestamp":1627136466},{"type":"ask","price":34984.2312754,"amount":0.0001008,"tid":205070011,"timestamp":1627136422},{"type":"ask","price":34984.2312754,"amount":0.00057312,"tid":205070010,"timestamp":1627136417},{"type":"ask","price":34985,"amount":0.00057312,"tid":205070009,"timestamp":1627136404},{"type":"ask","price":34984.2312754,"amount":0.001,"tid":205070008,"timestamp":1627136382},{"type":"ask","price":34984.2312754,"amount":0.0001008,"tid":205070007,"timestamp":1627136335},{"type":"ask","price":34984.2312754,"amount":0.00047504,"tid":205070006,"timestamp":1627136322},{"type":"ask","price":34984.2312754,"amount":0.00028019,"tid":205070005,"timestamp":1627135575},{"type":"ask","price":34985,"amount":0.00043912,"tid":205070004,"timestamp":1627135534},{"type":"ask","price":34984.2312754,"amount":0.00057966,"tid":205070003,"timestamp":1627135397},{"type":"bid","price":35000,"amount":0.00060348,"tid":205070002,"timestamp":1627135114},{"type":"bid","price":35000,"amount":0.00015156,"tid":205070001,"timestamp":1627134715},{"type":"bid","price":35000,"amount":0.00012689,"tid":205070000,"timestamp":1627134606},{"type":"bid","price":35000,"amount":0.00212288,"tid":205069999,"timestamp":1627134485},{"type":"bid","price":35000,"amount":0.00924601,"tid":205069998,"timestamp":1627134465},{"type":"bid","price":34984.99965015,"amount":0.0005,"tid":205069997,"timestamp":1627134465},{"type":"ask","price":34984.2312754,"amount":0.00011999,"tid":205069996,"timestamp":1627134319},{"type":"ask","price":34984.2312754,"amount":0.00035584,"tid":205069995,"timestamp":1627134180},{"type":"ask","price":34984.2312754,"amount":0.0001,"tid":205069994,"timestamp":1627134179},{"type":"bid","price":35000,"amount":0.01172874,"tid":205069993,"timestamp":1627134158},{"type":"bid","price":35000,"amount":0.00303515,"tid":205069992,"timestamp":1627134113},{"type":"bid","price":35000,"amount":0.00270285,"tid":205069991,"timestamp":1627134111},{"type":"bid","price":34950.99965049,"amount":0.003,"tid":205069990,"timestamp":1627134111},{"type":"ask","price":34950,"amount":0.0001,"tid":205069989,"timestamp":1627133442},{"type":"ask","price":34950,"amount":0.0001,"tid":205069988,"timestamp":1627133430},{"type":"bid","price":34950,"amount":0.00189062,"tid":205069987,"timestamp":1627132915},{"type":"bid","price":34950,"amount":0.00010938,"tid":205069986,"timestamp":1627132915},{"type":"bid","price":35000,"amount":0.09347683,"tid":205069985,"timestamp":1627132311},{"type":"bid","price":35000,"amount":0.00044116,"tid":205069984,"timestamp":1627132311},{"type":"bid","price":35000,"amount":0.01857142,"tid":205069983,"timestamp":1627132311},{"type":"bid","price":35000,"amount":0.00030769,"tid":205069982,"timestamp":1627132311},{"type":"bid","price":35000,"amount":0.00012508,"tid":205069981,"timestamp":1627132311},{"type":"bid","price":35000,"amount":0.00076705,"tid":205069980,"timestamp":1627132311},{"type":"bid","price":35000,"amount":0.0048527,"tid":205069979,"timestamp":1627132311},{"type":"bid","price":35000,"amount":0.0022301,"tid":205069978,"timestamp":1627132311},{"type":"bid","price":35000,"amount":0.001002,"tid":205069977,"timestamp":1627132311},{"type":"bid","price":35000,"amount":0.0001,"tid":205069976,"timestamp":1627132311},{"type":"bid","price":35000,"amount":0.0001037,"tid":205069975,"timestamp":1627132311},{"type":"bid","price":35000,"amount":0.001291,"tid":205069974,"timestamp":1627132311},{"type":"bid","price":35000,"amount":0.0001,"tid":205069973,"timestamp":1627132311},{"type":"bid","price":35000,"amount":0.00025038,"tid":205069972,"timestamp":1627132311},{"type":"bid","price":35000,"amount":0.005,"tid":205069971,"timestamp":1627132311},{"type":"bid","price":35000,"amount":0.00146972,"tid":205069970,"timestamp":1627132311},{"type":"bid","price":34999.00999957,"amount":0.0037814,"tid":205069969,"timestamp":1627132281},{"type":"bid","price":34999.00999957,"amount":0.0001,"tid":205069968,"timestamp":1627132281},{"type":"bid","price":34999,"amount":0.000102,"tid":205069967,"timestamp":1627132281},{"type":"bid","price":34999,"amount":0.002,"tid":205069966,"timestamp":1627132281},{"type":"bid","price":34999,"amount":0.00345492,"tid":205069965,"timestamp":1627132281},{"type":"bid","price":34999,"amount":0.00154508,"tid":205069964,"timestamp":1627132188},{"type":"bid","price":34999,"amount":0.06635363,"tid":205069963,"timestamp":1627132188},{"type":"bid","price":34950.10726166,"amount":0.00349677,"tid":205069962,"timestamp":1627132188},{"type":"bid","price":34950.10726166,"amount":0.0009,"tid":205069961,"timestamp":1627132188},{"type":"bid","price":34950.10726166,"amount":0.00063862,"tid":205069960,"timestamp":1627132188},{"type":"bid","price":34950,"amount":0.00195815,"tid":205069959,"timestamp":1627132188},{"type":"bid","price":34950,"amount":0.00095815,"tid":205069958,"timestamp":1627132188},{"type":"bid","price":34899,"amount":0.001,"tid":205069957,"timestamp":1627132188},{"type":"bid","price":34776,"amount":0.00004711,"tid":205069956,"timestamp":1627132048},{"type":"bid","price":34776,"amount":0.00030068,"tid":205069955,"timestamp":1627131071},{"type":"ask","price":34775.00001,"amount":0.0001,"tid":205069954,"timestamp":1627130958},{"type":"bid","price":34950,"amount":0.00014734,"tid":205069953,"timestamp":1627130578},{"type":"bid","price":34950,"amount":0.00100114,"tid":205069952,"timestamp":1627129980},{"type":"ask","price":34774.73929128,"amount":0.00183242,"tid":205069951,"timestamp":1627129798},{"type":"ask","price":34850.10726166,"amount":0.00276841,"tid":205069950,"timestamp":1627129798},{"type":"ask","price":34854.00000001,"amount":0.0007259,"tid":205069949,"timestamp":1627129798},{"type":"ask","price":34851,"amount":0.00322528,"tid":205069948,"timestamp":1627129368},{"type":"ask","price":34851,"amount":0.0001008,"tid":205069947,"timestamp":1627128964},{"type":"ask","price":34850.10726166,"amount":0.00014072,"tid":205069946,"timestamp":1627128689},{"type":"bid","price":34950.10726166,"amount":0.00013948,"tid":205069945,"timestamp":1627128217},{"type":"ask","price":34850.10726166,"amount":0.00014116,"tid":205069944,"timestamp":1627128191},{"type":"bid","price":34950.10726166,"amount":0.0001,"tid":205069943,"timestamp":1627127836},{"type":"ask","price":34850.10726166,"amount":0.00013377,"tid":205069942,"timestamp":1627127646},{"type":"bid","price":34950.10726166,"amount":0.00014,"tid":205069941,"timestamp":1627127630},{"type":"ask","price":34850.10726166,"amount":0.00015441,"tid":205069940,"timestamp":1627127568},{"type":"ask","price":34851,"amount":0.00029841,"tid":205069939,"timestamp":1627127503},{"type":"ask","price":34850.10726166,"amount":0.00022053,"tid":205069938,"timestamp":1627127496},{"type":"ask","price":34851,"amount":0.00010056,"tid":205069937,"timestamp":1627127489},{"type":"ask","price":34851,"amount":0.0002016,"tid":205069936,"timestamp":1627126708},{"type":"bid","price":34934.51559705,"amount":0.00024173,"tid":205069935,"timestamp":1627126435},{"type":"bid","price":34934.51559705,"amount":0.00024173,"tid":205069934,"timestamp":1627126418},{"type":"bid","price":34999,"amount":0.00024173,"tid":205069933,"timestamp":1627126407},{"type":"bid","price":34933.10726166,"amount":0.00018592,"tid":205069932,"timestamp":1627126356},{"type":"bid","price":34999,"amount":0.00024173,"tid":205069931,"timestamp":1627126342},{"type":"bid","price":34999,"amount":0.00176166,"tid":205069930,"timestamp":1627126320},{"type":"bid","price":34979,"amount":0.001,"tid":205069929,"timestamp":1627126134},{"type":"bid","price":34964.89468405,"amount":0.00010022,"tid":205069928,"timestamp":1627126134},{"type":"bid","price":34860,"amount":0.0001008,"tid":205069927,"timestamp":1627125884},{"type":"bid","price":34860,"amount":0.00000001,"tid":205069926,"timestamp":1627125884},{"type":"bid","price":34860,"amount":0.00114247,"tid":205069925,"timestamp":1627125661},{"type":"ask","price":34740.30399076,"amount":0.00007137,"tid":205069924,"timestamp":1627124950},{"type":"bid","price":34999,"amount":0.00143414,"tid":205069923,"timestamp":1627124871},{"type":"bid","price":34894.00299999,"amount":0.00118786,"tid":205069922,"timestamp":1627124871},{"type":"bid","price":34741,"amount":0.00138117,"tid":205069921,"timestamp":1627124857},{"type":"bid","price":34999,"amount":0.00000888,"tid":205069920,"timestamp":1627124843},{"type":"bid","price":34998.99999,"amount":0.00147669,"tid":205069919,"timestamp":1627124843},{"type":"ask","price":34742,"amount":0.00053112,"tid":205069918,"timestamp":1627124766},{"type":"bid","price":34999,"amount":0.02995823,"tid":205069917,"timestamp":1627124740},{"type":"ask","price":34826,"amount":0.00007136,"tid":205069916,"timestamp":1627124711},{"type":"ask","price":34831.95070231,"amount":0.00137815,"tid":205069915,"timestamp":1627124711},{"type":"ask","price":34883,"amount":0.00131122,"tid":205069914,"timestamp":1627124711},{"type":"bid","price":34986,"amount":0.00319207,"tid":205069913,"timestamp":1627124709},{"type":"bid","price":34986,"amount":0.00074146,"tid":205069912,"timestamp":1627124709},{"type":"bid","price":34981,"amount":0.00127753,"tid":205069911,"timestamp":1627124709},{"type":"bid","price":34975,"amount":0.0001,"tid":205069910,"timestamp":1627124708},{"type":"bid","price":34930,"amount":0.00015452,"tid":205069909,"timestamp":1627124708},{"type":"bid","price":34930,"amount":0.00032446,"tid":205069908,"timestamp":1627124700},{"type":"bid","price":34920.75,"amount":0.00015537,"tid":205069907,"timestamp":1627124700},{"type":"bid","price":34900,"amount":0.00607492,"tid":205069906,"timestamp":1627124700},{"type":"bid","price":34899,"amount":0.00443208,"tid":205069905,"timestamp":1627124700},{"type":"bid","price":34899,"amount":0.00440397,"tid":205069904,"timestamp":1627124694}]}